@article{bertrand2015gender,
  title={Gender identity and relative income within households},
  author={Bertrand, Marianne and Kamenica, Emir and Pan, Jessica},
  journal={The Quarterly Journal of Economics},
  volume={130},
  number={2},
  pages={571--614},
  year={2015},
  publisher={MIT Press}
}

@article{hederos2015gender,
  title={Gender identity and relative income within households: Evidence from Sweden},
  author={Hederos Eriksson, Karin and Stenberg, Anders},
  year={2015}
}

@misc{cattaneo2018practical,
  title={A Practical Introduction to Regression Discontinuity Designs: Volume I},
  author={Cattaneo, Matias D and Idrobo, Nicol{\'a}s and Titiunik, Roc{\'\i}o},
  year={2018},
  publisher={Cambrigde University Press, forthcoming}
}